% Encoding: UTF-8


@Misc{alglib_doc,
  Title                    = {Библиотека численного анализа Alglib. Нейронные
      сети [Электронный ресурс].},
  HowPublished             = {Режим доступа: http://alglib.sources.ru/dataanalysis/neuralnetworks.php},
  language = {russian}
}

@Misc{basegroup,
  Title                    = {Нейронные сети — математический аппарат [Электронный ресурс].},
  HowPublished             = {Режим доступа: https://basegroup.ru/community/articles/math},
  language = {russian}
}

@Misc{habra_pybrain,
  Title                    = {PyBrain работаем с нейронными сетями на Python [Электронный ресурс].},
  Author                   = {Осипов П.},
  HowPublished             = {Режим доступа: http://habrahabr.ru/post/148407/},
  language = {russian}
}

@Misc{korotkiy,
  Title                    = {Нейронные сети: основные положения [Электронный ресурс].},
  Author                   = {Короткий С.},
  HowPublished             = {Режим доступа: http://www.orc.ru/~stasson/n1.zip},
  language = {russian}
}

@Misc{kpfu,
  Title                    = {Интеллектуальный анализ данных с использованием системы DEDUCTOR [Электронный ресурс].},
  HowPublished             = {Режим доступа: http://kpfu.ru/portal/docs/F352543660/Shafigullina.pdf},
  language = {russian}
}

@Book{neuro_tech,
  Title                    = {Нейрокомпьютерная техника},
  Author                   = {Ф.Уоссермен,},
  Publisher                = {Мир},
  Year                     = {1992},
  language = {russian}
}

@Book{pybrain,
  Title                    = {PyBrain},
  Author                   = {Tom Schaul and Justin Bayer and Daan Wierstra and Sun Yi and Martin Felder and Frank Sehnke and Thomas Rückstieß and Jürgen Schmidhuber},
  Publisher                = {Journal of Machine Learning Research},
  Year                     = {2010},
  Address                  = {Reading, Massachusetts},
  language = {russian}
}

@Misc{statistik,
  Title                    = {База обучающих выборок [Электронный ресурс].},
  HowPublished             = {Режим доступа: http://www.statistik.lmu.de/service/datenarchiv/kredit/kredit_e.html},
  language = {russian}
}

@Misc{statsoft,
  Title                    = {Потребительский кредитный скоринг с помощью Data Mining [Электронный ресурс].},
  HowPublished             = {Режим доступа: http://www.statsoft.ru/solutions/ExamplesBase/branches/detail.php?ELEMENT_ID=242},
  language = {russian}
}

@Misc{wiki_neuro,
  Title                    = {Искусственная нейронная сеть [Электронный ресурс].},
  HowPublished             = {https://ru.wikipedia.org/wiki/Искуственная_нейронная_сеть},
  language = {russian}
}

